@book{Bilbao2009,
  title={Numerical Sound Synthesis},
  author={Bilbao, Stefan},
  isbn={9780470510469},
  year={2009},
  publisher={John Wiley \& Sons}
}